<record><leader>00000cas a22000007a 4500</leader><controlfield tag="001">14219574</controlfield><controlfield tag="008">860915d19511954iaucr ne      0    0eng d</controlfield><datafield ind1=" " ind2=" " tag="010"><subfield code="a">sn 86060199 </subfield></datafield><datafield ind1=" " ind2=" " tag="040"><subfield code="a">INP</subfield><subfield code="b">eng</subfield><subfield code="c">INP</subfield><subfield code="d">OCLCQ</subfield></datafield><datafield ind1=" " ind2=" " tag="042"><subfield code="a">msc</subfield></datafield><datafield ind1="0" ind2=" " tag="130"><subfield code="a">Webster City graphic (Webster City, Iowa : 1951)</subfield></datafield><datafield ind1="1" ind2="4" tag="245"><subfield code="a">The Webster City graphic.</subfield></datafield><datafield ind1=" " ind2=" " tag="260"><subfield code="a">Webster City, Iowa :</subfield><subfield code="b">[Webster City Graphic],</subfield><subfield code="c">1951-1954.</subfield></datafield><datafield ind1=" " ind2=" " tag="300"><subfield code="a">4 v. :</subfield><subfield code="b">ill. ;</subfield><subfield code="c">42 cm.</subfield></datafield><datafield ind1=" " ind2=" " tag="310"><subfield code="a">Semiweekly,</subfield><subfield code="b">Apr. 14, 1952-Nov. 4, 1954</subfield></datafield><datafield ind1=" " ind2=" " tag="321"><subfield code="a">Weekly,</subfield><subfield code="b">Apr. 11, 1951-Apr. 9, 1952</subfield></datafield><datafield ind1="0" ind2=" " tag="362"><subfield code="a">Vol. 1, no. 1 (Apr. 11, 1951)-v. 4, no. 59 (Nov. 4, 1954).</subfield></datafield><datafield ind1=" " ind2=" " tag="752"><subfield code="a">United States</subfield><subfield code="b">Iowa</subfield><subfield code="c">Hamilton</subfield><subfield code="d">Webster City.</subfield></datafield><datafield ind1="0" ind2="4" tag="785"><subfield code="t">Daily freeman-journal</subfield><subfield code="w">(DLC)sn 85050935</subfield></datafield></record>